% książki
@book{example_book,
    title = {Tytuł książki},
    author = {Nazwisko, I.},
    year = {2020}
}

% strony www
@online{example_website,
    url  = "https://www.example.com/",
    addendum = "(ostatni dostęp: 14.01.2020)"
}
